@article{doe2020,
  author  = {John Doe and Jane Doe and James Doe},
  title   = {Magic article},
  journal = {Agriculture},
  volume  = {123},
  number  = {22},
  pages   = {102-102},
  year    = {2020}
}

@book{bond2019,
  author    = {James Bond},
  pages     = {201},
  publisher = {Famous Pub},
  title     = {Black holes},
  year      = {2019}
}

@misc{black2013,
  author       = {Jack Black},
  title        = {LaTex},
  howpublished = {http://www.latex-project.org/},
  year         = {2013}
}

@misc{key,
  author       = {},
  title        = {},
  howpublished = {},
  year         = {}
}